@article{J_rgensen_2009,
  doi = {10.1051/0004-6361/200912325},
  url = {http://dx.doi.org/10.1051/0004-6361/200912325},
  year = {2009},
  month = {nov},
  publisher = {{EDP} Sciences},
  volume = {507},
  number = {2},
  pages = {861--879},
  author = {J. K. J{\o}rgensen and E. F. van Dishoeck and R. Visser and T. L. Bourke and D. J. Wilner and D. Lommen and M. R. Hogerheijde and P. C. Myers},
  title = {{{PROSAC}: a submillimeter array survey of low-mass protostars}},
  journal = {Astronomy and Astrophysics},
}


@article{Enoch_2011,
  doi = {10.1088/0067-0049/195/2/21},
  url = {http://dx.doi.org/10.1088/0067-0049/195/2/21},
  year = {2011},
  month = {aug},
  publisher = {{IOP} Publishing},
  volume = {195},
  number = {2},
  pages = {21},
  author = {Melissa L. Enoch and Stuartt Corder and Gaspard Duch{\^{e}}ne and Douglas C. Bock and Alberto D. Bolatto and Thomas L. Culverhouse and Woojin Kwon and James W. Lamb and Erik M. Leitch and Daniel P. Marrone and Stephen J. Muchovej and Laura M. P{\'{e}}rez and Stephen L. Scott and Peter J. Teuben and Melvyn C. H. Wright and B. Ashley Zauderer},
  title = {{{DISK} {AND} {ENVELOPE} {STRUCTURE} {IN} {CLASS} 0 {PROTOSTARS}. {II}. {HIGH}-{RESOLUTION} {MILLIMETER} {MAPPING} {OF} {THE} {SERPENS} {SAMPLE}}},
  journal = {{ApJS}},
}


@article{Maury_2010,
  doi = {10.1051/0004-6361/200913492},
  url = {http://dx.doi.org/10.1051/0004-6361/200913492},
  year = {2010},
  month = {mar},
  publisher = {{EDP} Sciences},
  volume = {512},
  pages = {A40},
  author = {A. J. Maury and Ph. Andr{\'{e}} and P. Hennebelle and F. Motte and D. Stamatellos and M. Bate and A. Belloche and G. Duch{\^{e}}ne and A. Whitworth},
  title = {{Toward understanding the formation of multiple systems}},
  journal = {Astronomy and Astrophysics},
}


@article{Goodman_1993,
  doi = {10.1086/172465},
  url = {http://dx.doi.org/10.1086/172465},
  year = {1993},
  month = {apr},
  publisher = {{IOP} Publishing},
  volume = {406},
  pages = {528},
  author = {A. A. Goodman and P. J. Benson and G. A. Fuller and P. C. Myers},
  title = {{Dense cores in dark clouds. {VIII} - Velocity gradients}},
  journal = {{ApJ}},
}
